@article{khazaeli2015ghost,
  title={A ghost fluid approach for thermal lattice boltzmann method in dealing with heat flux boundary condition in thermal problems with complex geometries},
  author={Khazaeli, R and Ashrafizaadeh, M and Mortazavi, S},
  year={2015},
  publisher={JOURNAL OF APPLIED FLUID MECHANICS (JAFM)}
}

@article{mora2017simulation,
  title={Simulation of plume dynamics by the lattice Boltzmann method},
  author={Mora, Peter and Yuen, David A},
  journal={Geophysical Journal International},
  volume={210},
  number={3},
  pages={1932--1937},
  year={2017},
  publisher={Oxford University Press}
}


@book{goluskin2016internally,
  title={Internally heated convection and Rayleigh-B{\'e}nard convection},
  author={Goluskin, David},
  year={2016},
  publisher={Springer}
}


@article{bullen1942density,
  title={The density variation of the Earth's central core},
  author={Bullen, KE},
  journal={Bulletin of the Seismological Society of America},
  volume={32},
  number={1},
  pages={19--29},
  year={1942},
  publisher={The Seismological Society of America}
}


@article{earn2017investigation,
  title={The investigation on SIMPLE and SIMPLER algorithm through lid driven cavity},
  author={Earn, Lee Chern and Yen, Tey Wah and Ken, Tan Lit},
  journal={Journal of Advanced Research in Fluid Mechanics and Thermal Sciences},
  volume={29},
  number={1},
  pages={10--22},
  year={2017}
}

@article{spiegelman2006semi,
  title={A semi-Lagrangian Crank-Nicolson algorithm for the numerical solution of advection-diffusion problems},
  author={Spiegelman, Marc and Katz, Richard F},
  journal={Geochemistry, Geophysics, Geosystems},
  volume={7},
  number={4},
  year={2006},
  publisher={Wiley Online Library}
}

@article{qian1992lattice,
  title={Lattice BGK models for Navier-Stokes equation},
  author={Qian, Yue-Hong and d'Humi{\`e}res, Dominique and Lallemand, Pierre},
  journal={EPL (Europhysics Letters)},
  volume={17},
  number={6},
  pages={479},
  year={1992},
  publisher={IOP Publishing}
}
